@article{Kabisch2015,
  title = {Human--Environment Interactions in Urban Green Spaces---A Systematic Review of Contemporary Issues and Prospects for Future Research},
  author = {Kabisch, Nadja and Qureshi, Salman and Haase, Dagmar},
  year = {2015},
  journal = {Environmental Impact assessment review},
  volume = {50},
  publisher = {Elsevier},
  doi = {10.1016/j.eiar.2014.08.007}
}

@article{Kabisch2016,
  title = {Urban Green Space Availability in European Cities},
  author = {Kabisch, Nadja and Strohbach, Michael and Haase, Dagmar and Kronenberg, Jakub},
  year = {2016},
  journal = {Ecological indicators},
  volume = {70},
  publisher = {Elsevier},
  doi = {10.1016/j.ecolind.2016.02.029}
}


@mastersthesis{zhu2019,
  author = {Zhu, Ziyue},
  title  = {总体城市设计层面滨河空间界面控导研究——以淮安为例 Contral and Guidence Research of Riverside Space Interface Form the View of Overall Urban Design—Take Huaian as An Example},
  school = {Southeast University},
  year   = {2019}
}

@article{zhuge2016,
  author   = {Zhuge, Jing},
  year     = {2016},
  title    = {建筑类型问题:从厅、堂说起——居住:从中国传统住宅到相关问题系列研究之二[On principles of categorization of Chinese architectue: Domesticity: A serial study on Chinese traditional house and relevant issue]},
  language = {pt},
  pages    = {6--12},
  journal  = {Architect},
  volume   = {4}
}
@article{ziyaee2018,
  title     = {Assessment of urban identity through a matrix of cultural landscapes},
  author    = {Ziyaee, Maryam},
  journal   = {Cities},
  volume    = {74},
  pages     = {21--31},
  year      = {2018},
  publisher = {Elsevier}
}

@Comment{jabref-meta: databaseType:biblatex;
}

@Comment{jabref-meta: grouping:
0 AllEntriesGroup:;
1 AutomaticPersonsGroup:By Authors\;2\;author\;0\;0x8a8a8aff\;\;\;;
1 AutomaticKeywordGroup:By Year\;0\;year\;,\;>\;0\;0x8a8a8aff\;\;\;;
1 AutomaticKeywordGroup:By Journal\;0\;journal\;,\;>\;1\;0x8a8a8aff\;\;\;;
}
